@misc{protectingsshauthenticationwithtpm20:mslogo,
	author = {Microsoft},
	title = {Minimum Hardware Requirements, Section 3.7 Trusted Platform Module ({TPM})},
	note = {\url{https://docs.microsoft.com/en-us/windows-hardware/design/minimum/minimum-hardware-requirements-overview#37-trusted-platform-module-tpm}},
	year = {2016},
	language = {English},
}
@inproceedings{protectingsshauthenticationwithtpm20:sstic2006ourghanlian,
	author = {Bernard Ourghanlian},
	title = {L'Impl{\'e}mentation des Sp{\'e}cifications du {TCG} au sein de la plateforme Windows : un aper\c{c}u de BitLocker},
	note = {\url{https://www.sstic.org/2006/presentation/Les_evolutions_de_l_implementation_des_specifications_du_TCG_au_sein_de_la_plateforme_Windows/}},
	publisher = {SSTIC},
	month = {June},
	year = {2006},
	language = {French},
}
@inproceedings{protectingsshauthenticationwithtpm20:sstic2011bordes,
	author = {Aur{\'e}lien Bordes},
	title = {BitLocker},
	note = {\url{https://www.sstic.org/2011/presentation/bitlocker/}},
	publisher = {SSTIC},
	month = {June},
	year = {2011},
	language = {French},
}
@inproceedings{protectingsshauthenticationwithtpm20:linseceu2020,
	author = {Andreas Fuchs},
	title = {Introducing {TPM} {NV} Storage with {E/A} Policies and {TSS-FAPI}},
	note = {\url{https://www.youtube.com/watch?v=JckONn4h6pQ}},
	publisher = {Linux Security Europe},
	month = {November},
	year = {2020},
	language = {English},
}
@inproceedings{protectingsshauthenticationwithtpm20:kernelrecipes2018,
	author = {James Bottomley},
	title = {{TPM} Enabling the Crypto Ecosystem for Enhanced Security},
	note = {\url{https://kernel-recipes.org/en/2018/talks/tpm-enabling-the-crypto-ecosystem-for-enhanced-security/}},
	publisher = {Kernel Recipes},
	month = {September},
	year = {2018},
	language = {English},
}
@inproceedings{protectingsshauthenticationwithtpm20:bhdc2010,
	author = {Christopher Tarnovsky},
	title = {Deconstructing a `Secure' Processor},
	note = {\url{https://www.youtube.com/watch?v=62DGIUpscnY}},
	publisher = {Black Hat DC},
	year = {2010},
	language = {English},
}
@inproceedings{protectingsshauthenticationwithtpm20:tpmgenie,
	author = {Jeremy Boone},
	title = {{TPM} Genie: Attacking the Hardware Root of Trust For Less Than \$50},
	note = {\url{https://cansecwest.com/csw18archive.html}},
	publisher = {CanSecWest},
	year = {2018},
	language = {English},
}
@misc{protectingsshauthenticationwithtpm20:fsecurebitlocker,
	author = {Henri Nurmi},
	title = {Sniff, there leaks my BitLocker key},
	note = {\url{https://labs.f-secure.com/blog/sniff-there-leaks-my-bitlocker-key/}},
	month = {December},
	year = {2020},
	language = {English},
}
@inproceedings{protectingsshauthenticationwithtpm20:nemec2017return,
	title = {The return of coppersmith's attack: Practical factorization of widely used {RSA} moduli},
	author = {Nemec, Matus and Sys, Marek and Svenda, Petr and Klinec, Dusan and Matyas, Vashek},
	booktitle = {Proceedings of the 2017 ACM SIGSAC Conference on Computer and Communications Security},
	pages = {1631--1648},
	year = {2017},
	language = {English},
}
@inproceedings{protectingsshauthenticationwithtpm20:moghimi2020tpm,
	author = {Moghimi, Daniel and Sunar, Berk and Eisenbarth, Thomas and Heninger, Nadia},
	title = {{TPM-FAIL}:{TPM} meets Timing and Lattice Attacks},
	note = {\url{https://tpm.fail}, CVE-2019-11090 and CVE-2019-16863},
	booktitle = {29th {USENIX} Security Symposium ({USENIX} Security 20)},
	pages = {2057--2073},
	year = {2020},
	language = {English},
}
@inproceedings{protectingsshauthenticationwithtpm20:sstic2018graphhw,
	author = {Nicolas Iooss},
	title = {Représenter l'arborescence matérielle},
	note = {\url{https://www.sstic.org/2018/presentation/2018_rumps/}},
	publisher = {SSTIC Rump Sessions},
	month = {June},
	year = {2018},
	language = {French},
}
