@inproceedings{analyzingarcompactfirmwarewithghidra:sstic2010netcard,
	author = {Yves-Alexis Perez and Lo{\"i}c Duflot and Olivier Levillain and Guillaume Valadon},
	title = {Quelques {\'e}l{\'e}ments en mati{\`e}re de s{\'e}curit{\'e} des cartes r{\'e}seau},
	note = {\url{https://www.sstic.org/2010/presentation/Peut_on_faire_confiance_aux_cartes_reseau/}},
	publisher = {SSTIC},
	month = {June},
	year = {2010},
	language = {French},
}
@inproceedings{analyzingarcompactfirmwarewithghidra:sstic2018ilo,
	author = {Fabien P{\'e}rigaud and Alexandre Gazet and Joffrey Czarny},
	title = {Backdooring your server through its BMC: the HPE iLO4 case},
	note = {\url{https://www.sstic.org/2018/presentation/backdooring_your_server_through_its_bmc_the_hpe_ilo4_case/}},
	publisher = {SSTIC},
	month = {June},
	year = {2018},
	language = {English},
}
@inproceedings{analyzingarcompactfirmwarewithghidra:sstic2019idrackar,
	author = {Nicolas Iooss},
	title = {iDRACKAR, integrated Dell Remote Access Controller's Kind Approach to the RAM},
	note = {\url{https://www.sstic.org/2019/presentation/iDRACKAR/}},
	publisher = {SSTIC},
	month = {June},
	year = {2019},
	language = {English},
}
@inproceedings{analyzingarcompactfirmwarewithghidra:sstic2019hsm,
	author = {Jean-Baptiste BÃ©drune and Gabriel Campana},
	title = {Everybody be cool, this is a robbery!},
	note = {\url{https://www.sstic.org/2019/presentation/hsm/}},
	publisher = {SSTIC},
	month = {June},
	year = {2019},
	language = {French},
}
@inproceedings{analyzingarcompactfirmwarewithghidra:recon2014intelme,
	author = {Igor Skochinsky},
	title = {Intel ME Secrets, Hidden code in your chipset and how to discover what exactly it does},
	note = {\url{https://recon.cx/2014/slides/Recon%202014%20Skochinsky.pdf}},
	publisher = {Recon},
	month = {June},
	year = {2014},
	language = {English},
}
@inproceedings{analyzingarcompactfirmwarewithghidra:sstic2011kbc,
	author = {Alexandre Gazet},
	title = {Sticky fingers {\&} KBC Custom Shop},
	note = {\url{https://www.sstic.org/2011/presentation/sticky_fingers_and_kbc_custom_shop/}},
	publisher = {SSTIC},
	month = {June},
	year = {2011},
	language = {French},
}
@misc{analyzingarcompactfirmwarewithghidra:thinkpadec,
	title = {Embedded Controllers used in Lenovo Thinkpad},
	note = {\url{https://github.com/hamishcoleman/thinkpad-ec/blob/v1/docs/chips.txt}},
	year = {2016},
	language = {English},
}
@misc{analyzingarcompactfirmwarewithghidra:arcompactisa,
	title = {ARCompact Instruction Set Architecture, Programmer's Reference},
	note = {\url{http://me.bios.io/images/d/dd/ARCompactISA_ProgrammersReference.pdf}},
	year = {2008},
	language = {English},
}
@inproceedings{analyzingarcompactfirmwarewithghidra:beerump2019mep,
	author = {Guillaume Valadon},
	title = {Implementing a New CPU Architecture for Ghidra},
	note = {\url{https://guedou.github.io/talks/2019_BeeRump/slides.pdf}},
	publisher = {BeeRump},
	year = {2019},
	language = {English},
}
@misc{analyzingarcompactfirmwarewithghidra:githubguedoumep,
	author = {Guillaume Valadon},
	title = {Toshiba MeP-c4 for Ghidra},
	note = {\url{https://github.com/guedou/ghidra-processor-mep}},
	year = {2019},
	language = {English},
}
@misc{analyzingarcompactfirmwarewithghidra:githubxyzzmep,
	author = {xyzz},
	title = {Toshiba MeP processor module for GHIDRA},
	note = {\url{https://github.com/xyzz/ghidra-mep}},
	year = {2019},
	language = {English},
}
@misc{analyzingarcompactfirmwarewithghidra:githubyathxtensa,
	author = {Sebastian Schmidt},
	title = {Tensilica Xtensa module for Ghidra},
	note = {\url{https://github.com/yath/ghidra-xtensa}},
	year = {2019},
	language = {English},
}
@misc{analyzingarcompactfirmwarewithghidra:githubprxtensa,
	author = {Sebastian Schmidt},
	title = {Ghidra Pull Request {\#}1407: Add Tensilica Xtensa processor support},
	note = {\url{https://github.com/NationalSecurityAgency/ghidra/pull/1407}},
	year = {2020},
	language = {English},
}
@misc{analyzingarcompactfirmwarewithghidra:ghidradoclanguage,
	title = {Ghidra Language Specification},
	note = {\url{https://ghidra.re/courses/languages/index.html}},
	language = {English},
}
